<record><leader>00000cas a22000007a 4500</leader><controlfield tag="001">11987890</controlfield><controlfield tag="008">850501d18841884iauwr ne      0    0eng d</controlfield><datafield ind1=" " ind2=" " tag="010"><subfield code="a">sn 85049621 </subfield></datafield><datafield ind1=" " ind2=" " tag="040"><subfield code="a">INP</subfield><subfield code="b">eng</subfield><subfield code="c">INP</subfield><subfield code="d">OCLCQ</subfield></datafield><datafield ind1=" " ind2=" " tag="042"><subfield code="a">msc</subfield></datafield><datafield ind1="0" ind2=" " tag="130"><subfield code="a">Sun (Clarence, Iowa)</subfield></datafield><datafield ind1="1" ind2="4" tag="245"><subfield code="a">The Sun.</subfield></datafield><datafield ind1=" " ind2=" " tag="260"><subfield code="a">Clarence, Iowa :</subfield><subfield code="b">[s.n.],</subfield><subfield code="c">1884.</subfield></datafield><datafield ind1=" " ind2=" " tag="300"><subfield code="a">1 v. :</subfield><subfield code="b">ill.</subfield></datafield><datafield ind1=" " ind2=" " tag="310"><subfield code="a">Weekly</subfield></datafield><datafield ind1="0" ind2=" " tag="362"><subfield code="a">Vol. 5, no. 1 (May 9, 1884)-v. 5, no. 21 (Dec. 5, 1884).</subfield></datafield><datafield ind1=" " ind2=" " tag="500"><subfield code="a">Publishers: H.B. Spurlock, &lt;May 16, 1884&gt;-Nov. 28, 1884: Joe W. Owen, Dec. 5, 1884.</subfield></datafield><datafield ind1=" " ind2=" " tag="500"><subfield code="a">M. Spurlock, May 9, 1884-Nov. 28, 1884: Joe W. Owen, Dec. 5, 1884.</subfield></datafield><datafield ind1=" " ind2=" " tag="752"><subfield code="a">United States</subfield><subfield code="b">Iowa</subfield><subfield code="c">Cedar</subfield><subfield code="d">Clarence.</subfield></datafield><datafield ind1="0" ind2="0" tag="785"><subfield code="t">Clarence sun</subfield><subfield code="w">(DLC)sn 85049622</subfield></datafield><datafield ind1="1" ind2=" " tag="029"><subfield code="a">AU@</subfield><subfield code="b">000025841779</subfield></datafield></record>